@inproceedings{hu:2008,
 author = {Hu, Yifan and Koren, Yehuda and Volinsky, Chris},
 title = {Collaborative Filtering for Implicit Feedback Datasets},
 booktitle = {Proceedings of ICDM 2008},
}

@article{koren:2009,
 author = {Koren, Yehuda and Bell, Robert and Volinsky, Chris},
 title = {Matrix Factorization Techniques for Recommender Systems},
 journal = {Computer},
 issue_date = {August 2009},
 volume = {42},
 number = {8},
 month = aug,
 year = {2009},
 issn = {0018-9162},
 pages = {30--37},
 numpages = {8},
 publisher = {IEEE Computer Society Press},
} 

@inproceedings{koren:2008,
 author = {Koren, Yehuda},
 title = {Factorization Meets the Neighborhood: A Multifaceted Collaborative Filtering Model},
 booktitle = {Proceedings of SIGKDD 2008},
}

@inproceedings{koren:2011,
 author = {Koren, Yehuda and Bell, Robert},
 title = {Advances in collaborative filtering},
 booktitle = {Recommender Systems Handbook},
}

@misc{adsense:wiki,
  title = {Google {A}dsense},
  howpublished = "\url{http://en.wikipedia.org/wiki/AdSense}",
}

@misc{abtest:wiki,
  title = {{A/B} {T}esting},
  howpublished = {\url{http://en.wikipedia.org/wiki/A/B_testing}},
}

@article{lin2007projected,
  title={Projected gradient methods for nonnegative matrix factorization},
  author={Lin, Chih-Jen},
  journal={Neural computation},
  volume={19},
  number={10},
  pages={2756--2779},
  year={2007},
  publisher={MIT Press}
}

@inproceedings{lee2001algorithms,
  title={Algorithms for non-negative matrix factorization},
  author={Lee, Daniel D and Seung, H Sebastian},
  booktitle={Advances in neural information processing systems},
  pages={556--562},
  year={2001}
}

@article{brunet2004metagenes,
  title={Metagenes and molecular pattern discovery using matrix factorization},
  author={Brunet, Jean-Philippe and Tamayo, Pablo and Golub, Todd R and Mesirov, Jill P},
  journal={Proceedings of the national academy of sciences},
  volume={101},
  number={12},
  pages={4164--4169},
  year={2004},
  publisher={National Acad Sciences}
}

@article{ZitnikZ12,
  author    = {Marinka Zitnik and Blaz Zupan},
  title     = {NIMFA: A Python Library for Nonnegative Matrix Factorization},
  journal   = {Journal of Machine Learning Research},
  volume    = {13},
  year      = {2012},
  pages     = {849-853},
}

@article{hyndman2006another,
  title={Another look at measures of forecast accuracy},
  author={Hyndman, Rob J and Koehler, Anne B},
  journal={International journal of forecasting},
  volume={22},
  number={4},
  pages={679--688},
  year={2006},
  publisher={Elsevier}
}

@article{resnick1997recommender,
  title={Recommender systems},
  author={Resnick, Paul and Varian, Hal R},
  journal={Communications of the ACM},
  volume={40},
  number={3},
  pages={56--58},
  year={1997},
  publisher={ACM}
}

@incollection{koren2011advances,
  title={Advances in collaborative filtering},
  author={Koren, Yehuda and Bell, Robert},
  booktitle={Recommender systems handbook},
  pages={145--186},
  year={2011},
  publisher={Springer}
}

@article{cacheda2011comparison,
  title={Comparison of collaborative filtering algorithms: Limitations of current techniques and proposals for scalable, high-performance recommender systems},
  author={Cacheda, Fidel and Carneiro, V{\'\i}ctor and Fern{\'a}ndez, Diego and Formoso, Vreixo},
  journal={ACM Transactions on the Web (TWEB)},
  volume={5},
  number={1},
  pages={2},
  year={2011},
  publisher={ACM}
}

@article{linden2003amazon,
  title={Amazon. com recommendations: Item-to-item collaborative filtering},
  author={Linden, Greg and Smith, Brent and York, Jeremy},
  journal={Internet Computing, IEEE},
  volume={7},
  number={1},
  pages={76--80},
  year={2003},
  publisher={IEEE}
}

@inproceedings{sarwar2001item,
  title={Item-based collaborative filtering recommendation algorithms},
  author={Sarwar, Badrul and Karypis, George and Konstan, Joseph and Riedl, John},
  booktitle={Proceedings of the 10th international conference on World Wide Web},
  pages={285--295},
  year={2001},
  organization={ACM}
}

@incollection{cai2011collaborative,
  title={Collaborative filtering for people to people recommendation in social networks},
  author={Cai, Xiongcai and Bain, Michael and Krzywicki, Alfred and Wobcke, Wayne and Kim, Yang Sok and Compton, Paul and Mahidadia, Ashesh},
  booktitle={AI 2010: Advances in Artificial Intelligence},
  pages={476--485},
  year={2011},
  publisher={Springer}
}

@article{zhang2012multi,
  title={Multi-domain collaborative filtering},
  author={Zhang, Yu and Cao, Bin and Yeung, Dit-Yan},
  journal={arXiv preprint arXiv:1203.3535},
  year={2012}
}

@article{parambath2013matrix,
  title={Matrix Factorization Methods for Recommender Systems},
  author={Parambath, Shameem Ahamed Puthiya},
  year={2013}
}

@book{ricci2011recommender,
  title={Recommender systems handbook},
  author={Ricci, Francesco and Rokach, Lior and Shapira, Bracha and Kantor, Paul B},
  volume={1},
  year={2011},
  publisher={Springer}
}

@inproceedings{baltrunas2011matrix,
  title={Matrix factorization techniques for context aware recommendation},
  author={Baltrunas, Linas and Ludwig, Bernd and Ricci, Francesco},
  booktitle={Proceedings of the fifth ACM conference on Recommender systems},
  pages={301--304},
  year={2011},
  organization={ACM}
}

@inproceedings{zheng2010flickr,
  title={Flickr group recommendation based on tensor decomposition},
  author={Zheng, Nan and Li, Qiudan and Liao, Shengcai and Zhang, Leiming},
  booktitle={Proceedings of the 33rd international ACM SIGIR conference on Research and development in information retrieval},
  pages={737--738},
  year={2010},
  organization={ACM}
}

@inproceedings{gu2010collaborative,
  title={Collaborative Filtering: Weighted Nonnegative Matrix Factorization Incorporating User and Item Graphs.},
  author={Gu, Quanquan and Zhou, Jie and Ding, Chris HQ},
  booktitle={SDM},
  pages={199--210},
  year={2010},
  organization={SIAM}
}

@inproceedings{liu2010adapting,
  title={Adapting neighborhood and matrix factorization models for context aware recommendation},
  author={Liu, Nathan N and Cao, Bin and Zhao, Min and Yang, Qiang},
  booktitle={Proceedings of the Workshop on Context-Aware Movie Recommendation},
  pages={7--13},
  year={2010},
  organization={ACM}
}